@article{moattar2012review,
  title     = {A review on speaker diarization systems and approaches},
  author    = {Moattar, Mohammad Hossein and Homayounpour, Mohammad M},
  journal   = {Speech Communication},
  volume    = {54},
  number    = {10},
  pages     = {1065--1103},
  year      = {2012},
  publisher = {Elsevier}
}
@article{adi2016automatic,
  title     = {Automatic measurement of vowel duration via structured prediction},
  author    = {Adi, Yossi and Keshet, Joseph and Cibelli, Emily and Gustafson, Erin and Clopper, Cynthia and Goldrick, Matthew},
  journal   = {The Journal of the Acoustical Society of America},
  volume    = {140},
  number    = {6},
  pages     = {4517--4527},
  year      = {2016},
  publisher = {AIP Publishing}
}
@inproceedings{adi2015vowel,
  title        = {Vowel duration measurement using deep neural networks},
  author       = {Adi, Yossi and Keshet, Joseph and Goldrick, Matthew},
  booktitle    = {2015 IEEE 25th International Workshop on Machine Learning for Signal Processing (MLSP)},
  pages        = {1--6},
  year         = {2015},
  organization = {IEEE}
}
@article{keshet2009discriminative,
  title     = {Discriminative keyword spotting},
  author    = {Keshet, Joseph and Grangier, David and Bengio, Samy},
  journal   = {Speech Communication},
  volume    = {51},
  number    = {4},
  pages     = {317--329},
  year      = {2009},
  publisher = {Elsevier}
}
@inproceedings{kubala1996transcribing,
  title        = {Transcribing radio news},
  author       = {Kubala, Francis and Anastasakos, Tasos and Jin, Hubert and Nguyen, Long and Schwartz, Richard},
  booktitle    = {Proceeding of Fourth International Conference on Spoken Language Processing. ICSLP'96},
  volume       = {2},
  pages        = {598--601},
  year         = {1996},
  organization = {IEEE}
}
@inproceedings{rybach2009audio,
  title        = {Audio segmentation for speech recognition using segment features},
  author       = {Rybach, David and Gollan, Christian and Schluter, Ralf and Ney, Hermann},
  booktitle    = {2009 IEEE International Conference on Acoustics, Speech and Signal Processing},
  pages        = {4197--4200},
  year         = {2009},
  organization = {IEEE}
}
@article{michel2016blind,
  title   = {Blind phoneme segmentation with temporal prediction errors},
  author  = {Michel, Paul and R{\"a}s{\"a}nen, Okko and Thiolliere, Roland and Dupoux, Emmanuel},
  journal = {arXiv preprint arXiv:1608.00508},
  year    = {2016}
}
@article{sorin2006relation,
  title   = {On the Relation between Maximum Spectral Transition Positions and Phone Boundaries},
  author  = {Sorin, D},
  journal = {Proc. ICSLP, 2006},
  year    = {2006}
}
@inproceedings{aversano2001new,
  title        = {A new text-independent method for phoneme segmentation},
  author       = {Aversano, Guido and Esposito, Anna and Marinaro, M},
  booktitle    = {Proceedings of the 44th IEEE 2001 Midwest Symposium on Circuits and Systems. MWSCAS 2001 (Cat. No. 01CH37257)},
  volume       = {2},
  pages        = {516--519},
  year         = {2001},
  organization = {IEEE}
}
@article{chen2016text,
  title     = {Text-independent phoneme segmentation combining egg and speech data},
  author    = {Chen, Lijiang and Mao, Xia and Yan, Hong},
  journal   = {IEEE/ACM transactions on audio, speech, and language processing},
  volume    = {24},
  number    = {6},
  pages     = {1029--1037},
  year      = {2016},
  publisher = {IEEE}
}
@inproceedings{dusan2006relation,
  title     = {On the relation between maximum spectral transition positions and phone boundaries},
  author    = {Dusan, Sorin and Rabiner, Lawrence},
  booktitle = {Ninth International Conference on Spoken Language Processing},
  year      = {2006}
}
@inproceedings{estevan2007finding,
  title        = {Finding maximum margin segments in speech},
  author       = {Estevan, Yago Pereiro and Wan, Vincent and Scharenborg, Odette},
  booktitle    = {2007 IEEE International Conference on Acoustics, Speech and Signal Processing-ICASSP'07},
  volume       = {4},
  pages        = {IV--937},
  year         = {2007},
  organization = {IEEE}
}
@article{hoang2015blind,
  title     = {Blind phone segmentation based on spectral change detection using Legendre polynomial approximation},
  author    = {Hoang, Dac-Thang and Wang, Hsiao-Chuan},
  journal   = {The Journal of the Acoustical Society of America},
  volume    = {137},
  number    = {2},
  pages     = {797--805},
  year      = {2015},
  publisher = {AIP Publishing}
}
@article{almpanidis2008phonemic,
  title     = {Phonemic segmentation using the generalised Gamma distribution and small sample Bayesian information criterion},
  author    = {Almpanidis, George and Kotropoulos, Constantine},
  journal   = {Speech Communication},
  volume    = {50},
  number    = {1},
  pages     = {38--55},
  year      = {2008},
  publisher = {Elsevier}
}
@article{rasanen2011blind,
  title     = {Blind segmentation of speech using non-linear filtering methods},
  author    = {R{\"a}s{\"a}nen, Okko and Laine, Unto K and Altosaar, Toomas},
  journal   = {Speech Technologies},
  pages     = {105--124},
  year      = {2011},
  publisher = {InTech Rijeka, Croatia}
}
@article{keshet2005phoneme,
  title  = {Phoneme alignment based on discriminative learning},
  author = {Keshet, Joseph and Shalev-Shwartz, Shai and Singer, Yoram and Chazan, Dan},
  year   = {2005}
}
@inproceedings{mcauliffe2017montreal,
  title     = {Montreal forced aligner: Trainable text-speech alignment using kaldi.},
  author    = {McAuliffe, Michael and Socolof, Michaela and Mihuc, Sarah and Wagner, Michael and Sonderegger, Morgan},
  booktitle = {Interspeech},
  volume    = {2017},
  pages     = {498--502},
  year      = {2017}
}
@inproceedings{king2013accurate,
  title        = {Accurate speech segmentation by mimicking human auditory processing},
  author       = {King, Sarah and Hasegawa-Johnson, Mark},
  booktitle    = {2013 IEEE International Conference on Acoustics, Speech and Signal Processing},
  pages        = {8096--8100},
  year         = {2013},
  organization = {IEEE}
}
@inproceedings{franke2016phoneme,
  title        = {Phoneme boundary detection using deep bidirectional lstms},
  author       = {Franke, Joerg and Mueller, Markus and Hamlaoui, Fatima and Stueker, Sebastian and Waibel, Alex},
  booktitle    = {Speech Communication; 12. ITG Symposium},
  pages        = {1--5},
  year         = {2016},
  organization = {VDE}
}
@article{lu2016segmental,
  title   = {Segmental recurrent neural networks for end-to-end speech recognition},
  author  = {Lu, Liang and Kong, Lingpeng and Dyer, Chris and Smith, Noah A and Renals, Steve},
  journal = {arXiv preprint arXiv:1603.00223},
  year    = {2016}
}
@article{kiperwasser2016simple,
  title     = {Simple and accurate dependency parsing using bidirectional LSTM feature representations},
  author    = {Kiperwasser, Eliyahu and Goldberg, Yoav},
  journal   = {Transactions of the Association for Computational Linguistics},
  volume    = {4},
  pages     = {313--327},
  year      = {2016},
  publisher = {MIT Press One Rogers Street, Cambridge, MA 02142-1209, USA journals-info~â€¦}
}
@inproceedings{adi2017sequence,
  title        = {Sequence segmentation using joint RNN and structured prediction models},
  author       = {Adi, Yossi and Keshet, Joseph and Cibelli, Emily and Goldrick, Matthew},
  booktitle    = {2017 IEEE International Conference on Acoustics, Speech and Signal Processing (ICASSP)},
  pages        = {2422--2426},
  year         = {2017},
  organization = {IEEE}
}
