@article{kaddour2023challenges,
  title   = {Challenges and applications of large language models},
  author  = {Kaddour, Jean and Harris, Joshua and Mozes, Maximilian and Bradley, Herbie and Raileanu, Roberta and McHardy, Robert},
  journal = {arXiv preprint arXiv:2307.10169},
  year    = {2023}
}
@article{yao2023exploring,
  title   = {Exploring large language models for knowledge graph completion},
  author  = {Yao, Liang and Peng, Jiazhen and Mao, Chengsheng and Luo, Yuan},
  journal = {arXiv preprint arXiv:2308.13916},
  year    = {2023}
}
@article{wei2022chain,
  title   = {Chain-of-thought prompting elicits reasoning in large language models},
  author  = {Wei, Jason and Wang, Xuezhi and Schuurmans, Dale and Bosma, Maarten and Xia, Fei and Chi, Ed and Le, Quoc V and Zhou, Denny and others},
  journal = {Advances in Neural Information Processing Systems},
  volume  = {35},
  pages   = {24824--24837},
  year    = {2022}
}
@article{yao2023tree,
  title   = {Tree of thoughts: Deliberate problem solving with large language models},
  author  = {Yao, Shunyu and Yu, Dian and Zhao, Jeffrey and Shafran, Izhak and Griffiths, Thomas L and Cao, Yuan and Narasimhan, Karthik},
  journal = {arXiv preprint arXiv:2305.10601},
  year    = {2023}
}
@article{chen2023teaching,
  title   = {Teaching large language models to self-debug},
  author  = {Chen, Xinyun and Lin, Maxwell and Sch{\"a}rli, Nathanael and Zhou, Denny},
  journal = {arXiv preprint arXiv:2304.05128},
  year    = {2023}
}
@article{eloundou2023gpts,
  title   = {Gpts are gpts: An early look at the labor market impact potential of large language models},
  author  = {Eloundou, Tyna and Manning, Sam and Mishkin, Pamela and Rock, Daniel},
  journal = {arXiv preprint arXiv:2303.10130},
  year    = {2023}
}
@article{austin2021program,
  title   = {Program synthesis with large language models},
  author  = {Austin, Jacob and Odena, Augustus and Nye, Maxwell and Bosma, Maarten and Michalewski, Henryk and Dohan, David and Jiang, Ellen and Cai, Carrie and Terry, Michael and Le, Quoc and others},
  journal = {arXiv preprint arXiv:2108.07732},
  year    = {2021}
}
@article{lee2023github,
  title   = {The GitHub Recent Bugs Dataset for Evaluating LLM-based Debugging Applications},
  author  = {Lee, Jae Yong and Kang, Sungmin and Yoon, Juyeon and Yoo, Shin},
  journal = {arXiv preprint arXiv:2310.13229},
  year    = {2023}
}
@article{Lai2022DS1000,
  title   = {DS-1000: A Natural and Reliable Benchmark for Data Science Code Generation},
  author  = {Yuhang Lai and Chengxi Li and Yiming Wang and Tianyi Zhang and Ruiqi Zhong and Luke Zettlemoyer and Scott Wen-tau Yih and Daniel Fried and Sida Wang and Tao Yu},
  journal = {ArXiv},
  year    = {2022},
  volume  = {abs/2211.11501}
}
