@article{Agarwal_2008,
  title     = {Modularity-maximizing graph communities via mathematical programming},
  volume    = {66},
  issn      = {1434-6036},
  url       = {http://dx.doi.org/10.1140/epjb/e2008-00425-1},
  doi       = {10.1140/epjb/e2008-00425-1},
  number    = {3},
  journal   = {The European Physical Journal B},
  publisher = {Springer Science and Business Media LLC},
  author    = {Agarwal, G. and Kempe, D.},
  year      = {2008},
  month     = nov,
  pages     = {409-418}
}
@article{Newman_2004,
  title     = {Fast algorithm for detecting community structure in networks},
  volume    = {69},
  issn      = {1550-2376},
  url       = {http://dx.doi.org/10.1103/PhysRevE.69.066133},
  doi       = {10.1103/physreve.69.066133},
  number    = {6},
  journal   = {Physical Review E},
  publisher = {American Physical Society (APS)},
  author    = {Newman, M. E. J.},
  year      = {2004},
  month     = jun
}
